@article{norman2006beyond,
  title={Beyond mind-reading: multi-voxel pattern analysis of fMRI data},
  author={Norman, Kenneth A and Polyn, Sean M and Detre, Greg J and Haxby, James V},
  journal={Trends in cognitive sciences},
  volume={10},
  number={9},
  pages={424--430},
  year={2006},
  publisher={Elsevier}
}


@article{treder2020mvpa,
  title={MVPA-Light: a classification and regression toolbox for multi-dimensional data},
  author={Treder, Matthias S},
  journal={Frontiers in Neuroscience},
  volume={14},
  pages={289},
  year={2020},
  publisher={Frontiers}
}


@inproceedings{sklearn_api,
  author    = {Lars Buitinck and Gilles Louppe and Mathieu Blondel and
               Fabian Pedregosa and Andreas Mueller and Olivier Grisel and
               Vlad Niculae and Peter Prettenhofer and Alexandre Gramfort
               and Jaques Grobler and Robert Layton and Jake VanderPlas and
               Arnaud Joly and Brian Holt and Ga{\"{e}}l Varoquaux},
  title     = {{API} design for machine learning software: experiences from the scikit-learn
               project},
  booktitle = {ECML PKDD Workshop: Languages for Data Mining and Machine Learning},
  year      = {2013},
  pages = {108--122},
}

@article{scikit-learn,
 title={Scikit-learn: Machine Learning in {P}ython},
 author={Pedregosa, F. and Varoquaux, G. and Gramfort, A. and Michel, V.
         and Thirion, B. and Grisel, O. and Blondel, M. and Prettenhofer, P.
         and Weiss, R. and Dubourg, V. and Vanderplas, J. and Passos, A. and
         Cournapeau, D. and Brucher, M. and Perrot, M. and Duchesnay, E.},
 journal={Journal of Machine Learning Research},
 volume={12},
 pages={2825--2830},
 year={2011}
}


@article{o2005partially,
  title={Partially distributed representations of objects and faces in ventral temporal cortex},
  author={O'toole, Alice J and Jiang, Fang and Abdi, Herv{\'e} and Haxby, James V},
  journal={Journal of cognitive neuroscience},
  volume={17},
  number={4},
  pages={580--590},
  year={2005},
  publisher={MIT Press}
}

@article{hansoncombinatorial,
  title={Combinatorial codes in ventral temporal lobe for object recognition},
  author={Hanson, Stephen Jos{\'e} and Matsuka, Toshihiko and Haxby, James V},
  publisher={Citeseer}
}
@article{heckemann2006automatic,
  title={Automatic anatomical brain MRI segmentation combining label propagation and decision fusion},
  author={Heckemann, Rolf A and Hajnal, Joseph V and Aljabar, Paul and Rueckert, Daniel and Hammers, Alexander},
  journal={NeuroImage},
  volume={33},
  number={1},
  pages={115--126},
  year={2006},
  publisher={Elsevier}
}

@article{crammer2006online,
  title={Online passive aggressive algorithms},
  author={Crammer, Koby and Dekel, Ofer and Keshet, Joseph and Shalev-Shwartz, Shai and Singer, Yoram},
  year={2006}
}

@article{wold1987principal,
  title={Principal component analysis},
  author={Wold, Svante and Esbensen, Kim and Geladi, Paul},
  journal={Chemometrics and intelligent laboratory systems},
  volume={2},
  number={1-3},
  pages={37--52},
  year={1987},
  publisher={Elsevier}
}

article{venkatesh2019brain,
  title={Brain dynamics and temporal trajectories during task and naturalistic processing},
  author={Venkatesh, Manasij and Jaja, Joseph and Pessoa, Luiz},
  journal={Neuroimage},
  volume={186},
  pages={410--423},
  year={2019},
  publisher={Elsevier}
}

@book{maor2019pythagorean,
  title={The Pythagorean theorem: a 4,000-year history},
  author={Maor, Eli},
  year={2019},
  publisher={Princeton University Press}
}

@article{wang2016efficient,
  title={An efficient and reliable statistical method for estimating functional connectivity in large scale brain networks using partial correlation},
  author={Wang, Yikai and Kang, Jian and Kemmer, Phebe B and Guo, Ying},
  journal={Frontiers in neuroscience},
  volume={10},
  pages={123},
  year={2016},
  publisher={Frontiers}
}


@article{varoquaux2010brain,
  title={Brain covariance selection: better individual functional connectivity models using population prior},
  author={Varoquaux, Ga{\"e}l and Gramfort, Alexandre and Poline, Jean Baptiste and Thirion, Bertrand},
  journal={arXiv preprint arXiv:1008.5071},
  year={2010}
}


@article{smith2011network,
  title={Network modelling methods for FMRI},
  author={Smith, Stephen M and Miller, Karla L and Salimi-Khorshidi, Gholamreza and Webster, Matthew and Beckmann, Christian F and Nichols, Thomas E and Ramsey, Joseph D and Woolrich, Mark W},
  journal={Neuroimage},
  volume={54},
  number={2},
  pages={875--891},
  year={2011},
  publisher={Elsevier}
}


@article{van2010exploring,
  title={Exploring the brain network: a review on resting-state fMRI functional connectivity},
  author={Van Den Heuvel, Martijn P and Pol, Hilleke E Hulshoff},
  journal={European neuropsychopharmacology},
  volume={20},
  number={8},
  pages={519--534},
  year={2010},
  publisher={Elsevier}
}


@article{reddy2021pilot,
  title={A Pilot Study of Perspective Taking and Emotional Contagion in Mental Health Professionals: Glass Brain View of Empathy},
  author={Reddy, Rajakumari P and Mathulla, Anna R and Rajeswaran, Jamuna},
  journal={Indian Journal of Psychological Medicine},
  pages={0253717620973380},
  year={2021},
  publisher={SAGE Publications Sage India: New Delhi, India}
}


@article{friston1994statistical,
  title={Statistical parametric mapping.},
  author={Friston, Karl J},
  year={1994},
  publisher={Academic Press}
}

@article{poldrack2007region,
  title={Region of interest analysis for fMRI},
  author={Poldrack, Russell A},
  journal={Social cognitive and affective neuroscience},
  volume={2},
  number={1},
  pages={67--70},
  year={2007},
  publisher={Oxford University Press}
}


@article{poustchi2001principles,
  title={Principles and applications of echo-planar imaging: a review for the general radiologist},
  author={Poustchi-Amin, Mehdi and Mirowitz, Scott A and Brown, Jeffrey J and McKinstry, Robert C and Li, Tao},
  journal={Radiographics},
  volume={21},
  number={3},
  pages={767--779},
  year={2001},
  publisher={Radiological Society of North America}
}


@article{findlay2003visual,
  title={Visual selection, covert attention and eye movements},
  author={Findlay, John M and Gilchrist, Iain D},
  journal={Active vision: The psychology of looking and seeing},
  pages={35--54},
  year={2003},
  publisher={Oxford Psychology Series UK}
}


@article{koster2018big,
  title={Big-loop recurrence within the hippocampal system supports integration of information across episodes},
  author={Koster, Raphael and Chadwick, Martin J and Chen, Yi and Berron, David and Banino, Andrea and D{\"u}zel, Emrah and Hassabis, Demis and Kumaran, Dharshan},
  journal={Neuron},
  volume={99},
  number={6},
  pages={1342--1354},
  year={2018},
  publisher={Elsevier}
}


@article{huang2021fmri,
  title={fMRI-based Decoding of Visual Information from Human Brain Activity: A Brief Review},
  author={Huang, Shuo and Shao, Wei and Wang, Mei-Ling and Zhang, Dao-Qiang},
  journal={International Journal of Automation and Computing},
  pages={1--15},
  year={2021},
  publisher={Springer}
}



@dataset{ds000105:00001,
  author = {Haxby, J.V. and Gobbini, M.I. and Furey, M.L. and Ishai, A. and Schouten, J.L. and Pietrini, P.},
  title = {"Visual object recognition"},
  year = {2018},
  doi = {null},
  publisher = {OpenNeuro}
}


@article{gross1972visual,
  title={Visual properties of neurons in inferotemporal cortex of the macaque.},
  author={Gross, Charles G and Rocha-Miranda, CE de and Bender, DB},
  journal={Journal of neurophysiology},
  volume={35},
  number={1},
  pages={96--111},
  year={1972}
}


@article{tanaka1996inferotemporal,
  title={Inferotemporal cortex and object vision},
  author={Tanaka, Keiji},
  journal={Annual review of neuroscience},
  volume={19},
  number={1},
  pages={109--139},
  year={1996},
  publisher={Annual Reviews 4139 El Camino Way, PO Box 10139, Palo Alto, CA 94303-0139, USA}
}





































%%%%%%%%%%%%%%%%%%%%%%%%%%%%%%%%%%%%%%%%%%%%%%%%%%%%%%%%%%%%%%%%%%%%%%%%%%%%%%%%%%%%%%%%%%%%%%%%%
@misc{lin2015microsoft,
      title={Microsoft COCO: Common Objects in Context}, 
      author={Tsung-Yi Lin and Michael Maire and Serge Belongie and Lubomir Bourdev and Ross Girshick and James Hays and Pietro Perona and Deva Ramanan and C. Lawrence Zitnick and Piotr Dollár},
      year={2015},
      eprint={1405.0312},
      archivePrefix={arXiv},
      primaryClass={cs.CV}
}

@misc{ba2016layer,
      title={Layer Normalization}, 
      author={Jimmy Lei Ba and Jamie Ryan Kiros and Geoffrey E. Hinton},
      year={2016},
      eprint={1607.06450},
      archivePrefix={arXiv},
      primaryClass={stat.ML}
}
@misc{lin2018focal,
      title={Focal Loss for Dense Object Detection}, 
      author={Tsung-Yi Lin and Priya Goyal and Ross Girshick and Kaiming He and Piotr Dollár},
      year={2018},
      eprint={1708.02002},
      archivePrefix={arXiv},
      primaryClass={cs.CV}
}

@misc{milletari2016vnet,
      title={V-Net: Fully Convolutional Neural Networks for Volumetric Medical Image Segmentation}, 
      author={Fausto Milletari and Nassir Navab and Seyed-Ahmad Ahmadi},
      year={2016},
      eprint={1606.04797},
      archivePrefix={arXiv},
      primaryClass={cs.CV}
}

@misc{carion2020endtoend,
      title={End-to-End Object Detection with Transformers}, 
      author={Nicolas Carion and Francisco Massa and Gabriel Synnaeve and Nicolas Usunier and Alexander Kirillov and Sergey Zagoruyko},
      year={2020},
      eprint={2005.12872},
      archivePrefix={arXiv},
      primaryClass={cs.CV}
}


@misc{sitzmann2020implicit,
      title={Implicit Neural Representations with Periodic Activation Functions}, 
      author={Vincent Sitzmann and Julien N. P. Martel and Alexander W. Bergman and David B. Lindell and Gordon Wetzstein},
      year={2020},
      eprint={2006.09661},
      archivePrefix={arXiv},
      primaryClass={cs.CV}
}

@article{liu2021Swin,
  title={Swin Transformer: Hierarchical Vision Transformer using Shifted Windows},
  author={Liu, Ze and Lin, Yutong and Cao, Yue and Hu, Han and Wei, Yixuan and Zhang, Zheng and Lin, Stephen and Guo, Baining},
  journal={arXiv preprint arXiv:2103.14030},
  year={2021}
}

@misc{vaswani2017attention,
      title={Attention Is All You Need}, 
      author={Ashish Vaswani and Noam Shazeer and Niki Parmar and Jakob Uszkoreit and Llion Jones and Aidan N. Gomez and Lukasz Kaiser and Illia Polosukhin},
      year={2017},
      eprint={1706.03762},
      archivePrefix={arXiv},
      primaryClass={cs.CL}
}

% Vision Transformers
@article{dosovitskiy2020image,
  title={An image is worth 16x16 words: Transformers for image recognition at scale},
  author={Dosovitskiy, Alexey and Beyer, Lucas and Kolesnikov, Alexander and Weissenborn, Dirk and Zhai, Xiaohua and Unterthiner, Thomas and Dehghani, Mostafa and Minderer, Matthias and Heigold, Georg and Gelly, Sylvain and others},
  journal={arXiv preprint arXiv:2010.11929},
  year={2020}
}


@misc{loshchilov2019decoupled,
      title={Decoupled Weight Decay Regularization}, 
      author={Ilya Loshchilov and Frank Hutter},
      year={2019},
      eprint={1711.05101},
      archivePrefix={arXiv},
      primaryClass={cs.LG}
}

@misc{paszke2019pytorch,
      title={PyTorch: An Imperative Style, High-Performance Deep Learning Library}, 
      author={Adam Paszke and Sam Gross and Francisco Massa and Adam Lerer and James Bradbury and Gregory Chanan and Trevor\ Killeen and Zeming Lin and Natalia Gimelshein and Luca Antiga and Alban Desmaison and Andreas Köpf and Edward Yang and Zach DeVito and Martin Raison and Alykhan Tejani and Sasank Chilamkurthy and Benoit Steiner and Lu Fang and Junjie Bai and Soumith Chintala},
      year={2019},
      eprint={1912.01703},
      archivePrefix={arXiv},
      primaryClass={cs.LG}
}

@misc{hendrycks2020gaussian,
      title={Gaussian Error Linear Units (GELUs)}, 
      author={Dan Hendrycks and Kevin Gimpel},
      year={2020},
      eprint={1606.08415},
      archivePrefix={arXiv},
      primaryClass={cs.LG}
}
@article{touvron2020training,
  title={Training data-efficient image transformers \& distillation through attention},
  author={Touvron, Hugo and Cord, Matthieu and Douze, Matthijs and Massa, Francisco and Sablayrolles, Alexandre and J{\'e}gou, Herv{\'e}},
  journal={arXiv preprint arXiv:2012.12877},
  year={2020}
}

@misc{chu2021twins,
      title={Twins: Revisiting the Design of Spatial Attention in Vision Transformers}, 
      author={Xiangxiang Chu and Zhi Tian and Yuqing Wang and Bo Zhang and Haibing Ren and Xiaolin Wei and Huaxia Xia and Chunhua Shen},
      year={2021},
      eprint={2104.13840},
      archivePrefix={arXiv},
      primaryClass={cs.CV}
}




@misc{yang2019video,
      title={Video Instance Segmentation}, 
      author={Linjie Yang and Yuchen Fan and Ning Xu},
      year={2019},
      eprint={1905.04804},
      archivePrefix={arXiv},
      primaryClass={cs.CV}
}


@misc{athar2020stemseg,
      title={STEm-Seg: Spatio-temporal Embeddings for Instance Segmentation in Videos}, 
      author={Ali Athar and Sabarinath Mahadevan and Aljoša Ošep and Laura Leal-Taixé and Bastian Leibe},
      year={2020},
      eprint={2003.08429},
      archivePrefix={arXiv},
      primaryClass={cs.CV}
}

@InProceedings{Lin_2020_CVPR,
author = {Lin, Chung-Ching and Hung, Ying and Feris, Rogerio and He, Linglin},
title = {Video Instance Segmentation Tracking With a Modified VAE Architecture},
booktitle = {Proceedings of the IEEE/CVF Conference on Computer Vision and Pattern Recognition (CVPR)},
month = {June},
year = {2020}
}

@misc{cao2020sipmask,
      title={SipMask: Spatial Information Preservation for Fast Image and Video Instance Segmentation}, 
      author={Jiale Cao and Rao Muhammad Anwer and Hisham Cholakkal and Fahad Shahbaz Khan and Yanwei Pang and Ling Shao},
      year={2020},
      eprint={2007.14772},
      archivePrefix={arXiv},
      primaryClass={cs.CV}
}

@misc{hariharan2014simultaneous,
      title={Simultaneous Detection and Segmentation}, 
      author={Bharath Hariharan and Pablo Arbeláez and Ross Girshick and Jitendra Malik},
      year={2014},
      eprint={1407.1808},
      archivePrefix={arXiv},
      primaryClass={cs.CV}
}

@misc{russakovsky2015imagenet,
      title={ImageNet Large Scale Visual Recognition Challenge}, 
      author={Olga Russakovsky and Jia Deng and Hao Su and Jonathan Krause and Sanjeev Satheesh and Sean Ma and Zhiheng Huang and Andrej Karpathy and Aditya Khosla and Michael Bernstein and Alexander C. Berg and Li Fei-Fei},
      year={2015},
      eprint={1409.0575},
      archivePrefix={arXiv},
      primaryClass={cs.CV}
}
@misc{wu2018group,
      title={Group Normalization}, 
      author={Yuxin Wu and Kaiming He},
      year={2018},
      eprint={1803.08494},
      archivePrefix={arXiv},
      primaryClass={cs.CV}
}

















@misc{dai2017deformable,
      title={Deformable Convolutional Networks}, 
      author={Jifeng Dai and Haozhi Qi and Yuwen Xiong and Yi Li and Guodong Zhang and Han Hu and Yichen Wei},
      year={2017},
      eprint={1703.06211},
      archivePrefix={arXiv},
      primaryClass={cs.CV}
}

@misc{chen2019hybrid,
      title={Hybrid Task Cascade for Instance Segmentation}, 
      author={Kai Chen and Jiangmiao Pang and Jiaqi Wang and Yu Xiong and Xiaoxiao Li and Shuyang Sun and Wansen Feng and Ziwei Liu and Jianping Shi and Wanli Ouyang and Chen Change Loy and Dahua Lin},
      year={2019},
      eprint={1901.07518},
      archivePrefix={arXiv},
      primaryClass={cs.CV}
}

@misc{lin2017feature,
      title={Feature Pyramid Networks for Object Detection}, 
      author={Tsung-Yi Lin and Piotr Dollár and Ross Girshick and Kaiming He and Bharath Hariharan and Serge Belongie},
      year={2017},
      eprint={1612.03144},
      archivePrefix={arXiv},
      primaryClass={cs.CV}
}

@misc{bertasius2018object,
      title={Object Detection in Video with Spatiotemporal Sampling Networks}, 
      author={Gedas Bertasius and Lorenzo Torresani and Jianbo Shi},
      year={2018},
      eprint={1803.05549},
      archivePrefix={arXiv},
      primaryClass={cs.CV}
}


@INPROCEEDINGS{8099886,
  author={J. {Son} and M. {Baek} and M. {Cho} and B. {Han}},
  booktitle={2017 IEEE Conference on Computer Vision and Pattern Recognition (CVPR)}, 
  title={Multi-object Tracking with Quadruplet Convolutional Neural Networks}, 
  year={2017},
  volume={},
  number={},
  pages={3786-3795},
  doi={10.1109/CVPR.2017.403}}
  
  
  @misc{he2018mask,
      title={Mask R-CNN}, 
      author={Kaiming He and Georgia Gkioxari and Piotr Dollár and Ross Girshick},
      year={2018},
      eprint={1703.06870},
      archivePrefix={arXiv},
      primaryClass={cs.CV}
}

@misc{he2015deep,
      title={Deep Residual Learning for Image Recognition}, 
      author={Kaiming He and Xiangyu Zhang and Shaoqing Ren and Jian Sun},
      year={2015},
      eprint={1512.03385},
      archivePrefix={arXiv},
      primaryClass={cs.CV}
}


@article{Bewley_2016,
   title={Simple online and realtime tracking},
   ISBN={9781467399616},
   url={http://dx.doi.org/10.1109/ICIP.2016.7533003},
   DOI={10.1109/icip.2016.7533003},
   journal={2016 IEEE International Conference on Image Processing (ICIP)},
   publisher={IEEE},
   author={Bewley, Alex and Ge, Zongyuan and Ott, Lionel and Ramos, Fabio and Upcroft, Ben},
   year={2016},
   month={Sep}
}

@misc{wang2021endtoend,
      title={End-to-End Video Instance Segmentation with Transformers}, 
      author={Yuqing Wang and Zhaoliang Xu and Xinlong Wang and Chunhua Shen and Baoshan Cheng and Hao Shen and Huaxia Xia},
      year={2021},
      eprint={2011.14503},
      archivePrefix={arXiv},
      primaryClass={cs.CV}
}

@misc{hu2019learning,
      title={Learning a Spatio-Temporal Embedding for Video Instance Segmentation}, 
      author={Anthony Hu and Alex Kendall and Roberto Cipolla},
      year={2019},
      eprint={1912.08969},
      archivePrefix={arXiv},
      primaryClass={cs.CV}
}

@misc{bertasius2020classifying,
      title={Classifying, Segmenting, and Tracking Object Instances in Video with Mask Propagation}, 
      author={Gedas Bertasius and Lorenzo Torresani},
      year={2020},
      eprint={1912.04573},
      archivePrefix={arXiv},
      primaryClass={cs.CV}
}